@Article{Abril07,
  author        = "Patricia S. Abril and Robert Plant",
  title         = "The patent holder's dilemma: Buy, sell, or troll?",
  journal       = "Communications of the ACM",
  volume        = "50",
  number        = "1",
  pages         = "36--44",
  year          = "2007",
  month         = jan,
  doi           = "10.1145/1188913.1188915"
}

@MASTERSTHESIS{Anisi03,
  author    = "David A. Anisi",
  title     = "Optimal Motion Control of a Ground Vehicle",
  year      = "2003"
  school    = "Royal Institute of Technology (KTH)",
  address   = "Stockholm, Sweden"
}

@Phdthesis{Clarkson85,
  author    = "Kenneth L. Clarkson",
  title     = "Algorithms for Closest-Point Problems (Computational Geometry)",
  year      = "1985",
  school    = "Stanford University",
  address   = "Palo Alto, CA",
}

@Article{Cohen07,
  author        = "Sarah Cohen and Werner Nutt and Yehoshua Sagic",
  title         = "Deciding equivalances among conjunctive aggregate queries",
  journal       = JACM,
  articleno     = 5,
  numpages      = 50,
  volume        = 54,
  number        = 2,
  year          = 2007,
  month         = apr,
  doi           = "10.1145/1219092.1219093"
}

@Techreport{Harel78,
  author    = "David Harel",
  title     = "LOGICS of Programs: AXIOMATICS and DESCRIPTIVE POWER",
  year      = "1978",
  month     = "",
  type      = "MIT Research Lab Technical Report",
  number    = "TR-200",
  institution = "Massachusetts Institute of Technology",
  address   = "Cambridge, MA"
}

@Book{Kosiur01,
  author    = "David Kosiur",
  title     = "Understanding Policy-Based Networking",
  edition   = "2nd.",
  year      = "2001",
  publisher = "Wiley",
  address   = "New York, NY",
  editor    = ""
}

@misc{Poker06,
  author    = "Poker-Edge.Com",
  title     = "Stats and Analysis",
  year      = "2006",
  month     = "Mar",
  url       = "http://www.poker-edge.com/stats.php",
  lastaccessed = "June 7, 2006"
}

@Inproceedings{Smith10,
  author    = "Stan W. Smith",
  title     = "An experiment in bibliographic mark-up: Parsing metadata for XML export",
  booktitle = "Proceedings of the 3rd. annual workshop on Librarians and Computers",
  series    = "LAC '10",
  editor    = "Reginald N. Smythe and Alexander Noble",
  volume    = "3",
  pages     = "422--431",
  year      = "2010",
  publisher = "Paparazzi Press",
  address   = "Milan Italy",
  doi       = "99.9999/woot07-S422"
}

@Incollection{Spector90,
  author    = "Asad Z. Spector",
  title     = "Achieving application requirements",
  booktitle = "Distributed Systems",
  editor    = "Sape Mullender",
  edition   = "2nd.",
  pages     = "19--33",
  year      = "1990",
  publisher = "ACM Press",
  address   = "New York, NY",
  doi       = "10.1145/90417.90738"
}

@online{Thornburg01,
  author    = "Harry Thornburg",
  title     = "Introduction to Bayesian Statistics",
  year      = "2001",
  month     = "Mar",
  url       =          "http://ccrma.stanford.edu/~jos/bayes/bayes.html",
  lastaccessed = "March 2, 2005"
}

@inProceedings{YuGalan2017,
    author  = "Stanley {Yu Galan} and Michael Joshua Ramos and Aakov Dy and Yusin Kim and Ethel Ong",
    title   = "Towards a Narrative-Based Game Environment for Simulating Business Decisions",
    booktitle= "N. Nunes, I. Oakley and V. Nisi (eds): Interactive Storytelling (ICIDS 2017)",
    year    = 2017,
    volume  = "LNCS 10690",
    page    = "290-294",
    publisher=" Springer International Publishing"
}
